<record><leader>00000cas a2200000 a 4500</leader><controlfield tag="001">12332657</controlfield><controlfield tag="008">850801d18891890ksuwr ne      0    0eng d</controlfield><datafield ind1=" " ind2=" " tag="010"><subfield code="a">sn 85031669 </subfield></datafield><datafield ind1=" " ind2=" " tag="040"><subfield code="a">KSH</subfield><subfield code="b">eng</subfield><subfield code="c">KSH</subfield><subfield code="d">NPT</subfield><subfield code="d">OCL</subfield><subfield code="d">OCLCQ</subfield></datafield><datafield ind1=" " ind2=" " tag="042"><subfield code="a">msc</subfield></datafield><datafield ind1="0" ind2="0" tag="245"><subfield code="a">Butler City news.</subfield></datafield><datafield ind1=" " ind2=" " tag="260"><subfield code="a">Blaine, Kan. :</subfield><subfield code="b">M. Jos. Kavanagh,</subfield><subfield code="c">1889-1890.</subfield></datafield><datafield ind1=" " ind2=" " tag="300"><subfield code="a">2 v. :</subfield><subfield code="b">ill. ;</subfield><subfield code="c">53 cm.</subfield></datafield><datafield ind1=" " ind2=" " tag="310"><subfield code="a">Weekly</subfield></datafield><datafield ind1="0" ind2=" " tag="362"><subfield code="a">Vol. 3, no. 1 (May 30, 1889)-v. 3, no. 48 (May 8, 1890) = whole no. 105-no. 152 ; new ser., v. 1, no. 7 (July 10, 1890)-v. 1, no. 25 (Nov. 20, 1890).</subfield></datafield><datafield ind1=" " ind2=" " tag="500"><subfield code="a">"Farmers' Alliance."</subfield></datafield><datafield ind1=" " ind2=" " tag="580"><subfield code="a">Issued with: Olsburg news-letter, July 10-Nov. 20, 1890.</subfield></datafield><datafield ind1=" " ind2=" " tag="752"><subfield code="a">United States</subfield><subfield code="b">Kansas</subfield><subfield code="c">Pottawatomie</subfield><subfield code="d">Blaine.</subfield></datafield><datafield ind1="1" ind2=" " tag="777"><subfield code="t">Olsburg news-letter</subfield><subfield code="g">July 10-Nov. 20, 1890</subfield><subfield code="w">(DLC)sn 85031701</subfield></datafield><datafield ind1="0" ind2="4" tag="785"><subfield code="t">Olsburg news-letter</subfield><subfield code="w">(DLC)sn 85031701</subfield></datafield></record>